% Encoding: UTF-8

@misc{Nelson,
	author = {Robert A. Nelson, Applied Technology Institute},
	title = {The International System of Units},
	year = {2018},
	url = {https://www.aticourses.com/international_system_units.htm}
}

@misc{Borvon,
  title={History of the electrical units},
  author={Gerard Borvon},
  year={2011},
	url = {http://seaus.free.fr/spip.php?article964}
}

@article{SIStandard,
	author = {Das Internationale Einheitensystem (SI)},
	title = {Deutsche Übersetzung der BIPM-Broschüre "Le Système international d’unités/The International System of Units (8e édition", 2006)},
	year = {2006},
	volume = {117}
}

@misc{EURichtlinie,
		author = {EU-Richtlinie},
		title = {EU-Richtlinie 80/181/EWG in den Staaten der EU bzw. dem Bundesgesetz über das Messwesen in der Schweiz},
		year = {2018},
		url = {https://www.ptb.de/cms/fileadmin/internet/Themenrundgaenge/ImWeltweitenNetzDerMetrologie/si.pdf}
}

@misc{Bundesgesetz,
		author = {Schweizerische Eidgenossenschaft},
		title = {Bundesgesetz über das Messwesen},
		year = {2018},
		url = {https://www.admin.ch/opc/de/classified-compilation/20101915/}
}

@misc{StonyBrookUniversity,
  title={Consumption vs. Demand},
  author={Stony Brook University},
  year={2018},
	url = {https://www.stonybrook.edu/commcms/energy/facts/demand}
}

@misc{Eggenberger,
		author = {Otto Eggenberger, Universität Stuttgart},
		title = {Leistung des elektrischen Stroms},
		year = {2018},
		url = {http://www.iris.uni-stuttgart.de/lehre/eggenberger/eti/index.html}
}

@misc{enertiv,
		author = {enertiv},
		title = {What is Peak Demand?},
		year = {2018},
		url = {https://www.enertiv.com/resources/what-is-peak-demand}
}
