% Encoding: UTF-8

@misc{Nelson,
	author = {Robert A. Nelson, Applied Technology Institute},
	title = {The International System of Units},
	year = {2018},
	url = {https://www.aticourses.com/international_system_units.htm}
}

@misc{Borvon,
  title={History of the electrical units},
  author={Gerard Borvon},
  year={2011},
	url = {http://seaus.free.fr/spip.php?article964}
}

@article{SIStandard,
	author = {Das Internationale Einheitensystem (SI)},
	title = {Deutsche Übersetzung der BIPM-Broschüre "Le Système international d’unités/The International System of Units (8e édition", 2006)},
	url = {https://www.ptb.de/cms/fileadmin/internet/Themenrundgaenge/ImWeltweitenNetzDerMetrologie/si.pdf},
	year = {2006},
	volume = {117}
}

@misc{EURichtlinie,
		author = {EU-Richtlinie},
		title = {EU-Richtlinie 80/181/EWG in den Staaten der EU bzw. dem Bundesgesetz über das Messwesen in der Schweiz},
		year = {2018},
		url = {https://eur-lex.europa.eu/legal-content/DE/TXT/?uri=CELEX:32009L0003}
}

@misc{Bundesgesetz,
		author = {Schweizerische Eidgenossenschaft},
		title = {Bundesgesetz über das Messwesen},
		year = {2018},
		url = {https://www.admin.ch/opc/de/classified-compilation/20101915/}
}

@misc{StonyBrookUniversity,
  title={Consumption vs. Demand},
  author={Stony Brook University},
  year={2018},
	url = {https://www.stonybrook.edu/commcms/energy/facts/demand}
}

@misc{Eggenberger,
		author = {Otto Eggenberger, Universität Stuttgart},
		title = {Leistung des elektrischen Stroms},
		year = {2018},
		url = {http://www.iris.uni-stuttgart.de/lehre/eggenberger/eti/index.html}
}

@misc{enertiv,
		author = {enertiv},
		title = {What is Peak Demand?},
		year = {2018},
		url = {https://www.enertiv.com/resources/what-is-peak-demand}
}

@misc{weatherbit,
	author = {weatherbit.io},
	title = {The High Performance Weather API for all of you Weather data needs.},
	year = {2018},
	url = {https://www.weatherbit.io}
}

@misc{SolarRadiation,
	author = {PVEducation},
	title = {Solar radiation on a tilted surface},
	year={2018},
	url = {https://pveducation.org/pvcdrom/properties-of-sunlight/solar-radiation-on-a-tilted-surface}
}

@misc{WindPowerCalcs,
	author = {The Royal Academy of Engineering},
	title = {Wind Turbine Power Calculations},
	year = {2018},
	url = {https://www.raeng.org.uk/publications/other/23-wind-turbine}
}

@misc{AirDensity,
	author = {EMD Internation A/S},
	title = {WindPRO / ENERGY Modelling of the Variation of Air Density with Altitude through Pressure, Humidity and Temperature},
	year = {2005},
	url = {http://www.emd.dk/files/windpro/WindPRO_AirDensity.pdf}
}

@misc{Shelquist,
	author = {Shelquist, R},
	title = {Equations - air density and density altitude},
	year = {2009}
}

@misc{Beckmann,
	author = {Beckmann, Petr},
	title = {A History of Pi},
	year = {1976}
}

@misc{NOAA,
	author = {NOAA Environmental Research Laboratories},
	title = {PROFS Programm},
	year = {1981},
	url = {https://icoads.noaa.gov/software/other/profs}
}

@misc{enbw,
	author = {enbw},
	title = {Gut zu wissen: durchschnittlicher Stromverbrauch im Haushalt},
	year = {2018},
	url = {https://www.enbw.com/strom/stromverbrauch-senken}
}

